@book{taoe,
	author 		= "Paul Horowitz and Winfield Hill",
	title 		= "{The Art of Electronics}",
	publisher 	= "Cambridge University Press",
	year 		= "2008",
	edition		= "22",
	isbn 		= "978-0-521-37095-0"
}

@book{henze,
	author		= "Norbert Henze",
	title		= "Stochastik für Einsteiger --- 
				Eine Einführung in die faszinierende Welt 
				des Zufalls",
	publisher	= "Vieweg+Tuebner Verlag",
	address		= "Springer Fachmedien Wiesbaden GmbH",
	year		= "2012",
	edition		= "9",
	isbn		= "978-3-8348-1845-4"
}

@book{fosamath,
	author		= "Team-FOSA
				and Daniel Winz 
				and Ervin Mazlagi\'c 
				and Adrian Imboden 
				and Philipp Langer
				and Josef Häfliger
				and Mercel Holzmann",
	title		= "Formelsammlung Mathematik",
	publisher	= "FOSA",
	year		= "2013",
	edition		= "HS13"
}

@book{oreilly,
	author		= "Dawn Griffiths and Jörg Beyer",
	title		= "Statistik von Kopf bis Fuss ---
				Ein Buch zum Mitmachen und Verstehen",
	publisher	= "O'Reilly Verlag GmbH \& Co. KG",
	address		= "O'Reilly Media Inc.",
	year		= "2009",
	isbn		= "978-3-89721-891-8" 
}
